@inproceedings{ester1996density,
  title={A density-based algorithm for discovering clusters in large spatial databases with noise.},
  author={Ester, Martin and Kriegel, Hans-Peter and Sander, Jorg and Xu, Xiaowei and others},
  booktitle={Kdd},
  volume={96},
  number={34},
  pages={226--231},
  year={1996}
}

@misc{wattenberg2016how,
  author = {Wattenberg, Martin and Viegas, Fernanda and Johnson, Ian},
  title = {How to Use t-SNE Effectively},
  year = {2016},
  howpublished = {http://distill.pub/2016/misread-tsne/}
}

@book{jolliffe2002principal,
  title={Principal component analysis},
  author={Jolliffe, Ian},
  year={2002},
  publisher={Wiley Online Library}
}

@inproceedings{talbot2009ensemblematrix,
  title={EnsembleMatrix: interactive visualization to support machine learning with multiple classifiers},
  author={Talbot, Justin and Lee, Bongshin and Kapoor, Ashish and Tan, Desney S},
  booktitle={Proceedings of the SIGCHI Conference on Human Factors in Computing Systems},
  pages={1283--1292},
  year={2009},
  organization={ACM}
}

@article{hartigan1979algorithm,
  title={Algorithm AS 136: A k-means clustering algorithm},
  author={Hartigan, John A and Wong, Manchek A},
  journal={Journal of the Royal Statistical Society. Series C (Applied Statistics)},
  volume={28},
  number={1},
  pages={100--108},
  year={1979},
  publisher={JSTOR}
}
@inproceedings{kapoor2010interactive,
  title={Interactive optimization for steering machine classification},
  author={Kapoor, Ashish and Lee, Bongshin and Tan, Desney and Horvitz, Eric},
  booktitle={Proceedings of the SIGCHI Conference on Human Factors in Computing Systems},
  pages={1343--1352},
  year={2010},
  organization={ACM}
}

@inproceedings{harley2015interactive,
  title={An Interactive Node-Link Visualization of Convolutional Neural Networks},
  author={Harley, Adam W},
  booktitle={International Symposium on Visual Computing},
  pages={867--877},
  year={2015},
  organization={Springer}
}

@article{erhan2009visualizing,
  title={Visualizing higher-layer features of a deep network},
  author={Erhan, Dumitru and Bengio, Yoshua and Courville, Aaron and Vincent, Pascal},
  journal={University of Montreal},
  volume={1341},
  year={2009}
}

@article{maaten2008visualizing,
  title={Visualizing data using t-SNE},
  author={Maaten, Laurens van der and Hinton, Geoffrey},
  journal={Journal of Machine Learning Research},
  volume={9},
  number={Nov},
  pages={2579--2605},
  year={2008}
}

@article{pezzotti2015approximated,
  title={Approximated and User Steerable tSNE for Progressive Visual Analytics},
  author={Pezzotti, Nicola and Lelieveldt, Boudewijn and van der Maaten, Laurens and Hollt, Thomas and Eisemann, Elmar and Vilanova, Anna},
  year={2015},
  publisher={IEEE}
}

@article{muhlbacher2014opening,
  title={Opening the black box: Strategies for increased user involvement in existing algorithm implementations},
  author={M{\"u}hlbacher, Thomas and Piringer, Harald and Gratzl, Samuel and Sedlmair, Michael and Streit, Marc},
  journal={IEEE transactions on visualization and computer graphics},
  volume={20},
  number={12},
  pages={1643--1652},
  year={2014},
  publisher={IEEE}
}

@misc{setosaPCA,
  title = {{Setosa.io} Explained Visually: Principal Component Analysis},
  author = {Powell, Victor and Lewis Lehe},
  howpublished = {{http://setosa.io/ev/principal-component-analysis/}},
  note = {Accessed: 2016-12-19}
}

@article{sammon1969nonlinear,
  title={A nonlinear mapping for data structure analysis},
  author={Sammon, John W},
  journal={IEEE Transactions on computers},
  volume={18},
  number={5},
  pages={401--409},
  year={1969}
}

@inproceedings{talbot2009ensemblematrix,
  title={EnsembleMatrix: interactive visualization to support machine learning with multiple classifiers},
  author={Talbot, Justin and Lee, Bongshin and Kapoor, Ashish and Tan, Desney S},
  booktitle={Proceedings of the SIGCHI Conference on Human Factors in Computing Systems},
  pages={1283--1292},
  year={2009},
  organization={ACM}
}

@article{tenenbaum2000global,
  title={A global geometric framework for nonlinear dimensionality reduction},
  author={Tenenbaum, Joshua B and De Silva, Vin and Langford, John C},
  journal={science},
  volume={290},
  number={5500},
  pages={2319--2323},
  year={2000},
  publisher={American Association for the Advancement of Science}
}

@misc{tSNEJS,
  author = {{Andrej Karpathy}},
  title = {tSNEJS},
  howpublished = {https://github.com/karpathy/tsnejs/blob/master/tsne.js},
  version = {ALPHA},
  year = {2016},
  month = {December}
}


@misc{highcharts,
  author = {{Torstein Honsi}},
  title = {Highcharts JS},
  howpublished = {http://www.highcharts.com/},
  version = {5.0.6},
    year = {2016},
  month = {December}
}

@misc{mljs,
  author = {{Michael Zasso}},
  title = {ml.js: Machine Learning Tools in Javascript},
  howpublished = {https://github.com/mljs/ml},
  version = {1.4.0},
    year = {2016},
  month = {December}
}

@phdthesis{chi1999framework,
  title={A framework for information visualization spreadsheets},
  author={Chi, Ed Huai-Hsin},
  year={1999},
  school={Citeseer}
}

@article{maaten2008visualizing,
  title={Visualizing data using t-SNE},
  author={Maaten, Laurens van der and Hinton, Geoffrey},
  journal={Journal of Machine Learning Research},
  volume={9},
  number={Nov},
  pages={2579--2605},
  year={2008}
}

@misc{mdsjs,
  author = {{Josua Krause}},
  title = {mdsjs: PCA and MDS in Javascript},
  howpublished = {https://github.com/JosuaKrause/mdsjs},
  version = {4.1},
    year = {2016},
  month = {December}
}

@misc{papaparse,
  author = {{Matt Holt}},
  title = {Papa Parse},
  howpublished = {http://papaparse.com/},
    year = {2016},
  month = {December}
}

@misc{tableau,
author = {{Tableau Software}},
title = {Tableau},
howpublished = {http://http://www.tableau.com/},
year = {2016},
month = {December}
}

@misc{d3js,
  author = {{Mike Bostock}},
  title = {D3.js: Data-Driven Documents},
  howpublished = {https://d3js.org/},
    year = {2016},
  month = {December}
}

